@Comment А вот так оформляется библиография при помощи BibTeX.

@Book{Pup09,
  author =		 {Василий Пупкин and Эйнштейн, А.},
  title = 		 {\LaTeX для <<чайников>>},
  publisher = 	 {М.},
  pagetotal = {299},
  year = 		 {2009},
  language =     "russian"
}

@online{wiki:latex,
  author = {Wikipedia},
  title = {Типографика "--- Википедия},
  year = {2012},
  url = {https://ru.wikipedia.org/wiki/%D0%A2%D0%B8%D0%BF%D0%BE%D0%B3%D1%80%D0%B0%D1%84%D0%B8%D0%BA%D0%B0},
  urldate = {25.01.2012},
  language =     "russian"
}

@book{файбисович,
  title={Справочник по проектированию электрических сетей},
  editor={Д.Л. Файбисовича.},
  edition={4-е, перераб. и доп.},
  publisher={М.: Изд-во НЦ ЭНАС},
  pagetotal={376},
  year={2012},
  language =     "russian"
}

@book{веников1998электрические,
  title={Электрические системы. Электрические сети},
  editor = {В.А. Веникова, В.А. Строева},
  year={1998},
  pagetotal={511},
  publisher={М.: Высшая школа},
  language =     "russian"
}

@book{пуэ7,
  title={Правила устройства электроустановок},
  edition={7-е},
  publisher={М.: Изд-во НЦ ЭНАС},
  year={2004},
  language =     "russian"
}